@article{kornilov2023intermediate,
  title={Intermediate Gradient Methods with Relative Inexactness},
  author={Kornilov, Nikita and Gorbunov, Eduard and Alkousa, Mohammad and Stonyakin, Fedor and Dvurechensky, Pavel and Gasnikov, Alexander},
  journal={arXiv preprint arXiv:2310.00506},
  year={2023}
}

@inproceedings{goujaud2023fundamental,
  title={On Fundamental Proof Structures in First-Order Optimization},
  author={Goujaud, Baptiste and Dieuleveut, Aymeric and Taylor, Adrien},
  booktitle={2023 62nd IEEE Conference on Decision and Control (CDC)},
  pages={3023--3030},
  year={2023},
  organization={IEEE}
}

@inproceedings{matyukhin2021convex,
  title={Convex optimization with inexact gradients in Hilbert space and applications to elliptic inverse problems},
  author={Matyukhin, Vladislav and Kabanikhin, Sergey and Shishlenin, Maxim and Novikov, Nikita and Vasin, Artem and Gasnikov, Alexander},
  booktitle={International Conference on Mathematical Optimization Theory and Operations Research},
  pages={159--175},
  year={2021},
  organization={Springer}
}

@article{goujaud2022pepit,
  title={PEPit: computer-assisted worst-case analyses of first-order optimization methods in Python},
  author={Goujaud, Baptiste and Moucer, C{\'e}line and Glineur, Fran{\c{c}}ois and Hendrickx, Julien and Taylor, Adrien and Dieuleveut, Aymeric},
  journal={arXiv preprint arXiv:2201.04040},
  year={2022}
}

@article{taylor2017smooth,
  title={Smooth strongly convex interpolation and exact worst-case performance of first-order methods},
  author={Taylor, Adrien B and Hendrickx, Julien M and Glineur, Fran{\c{c}}ois},
  journal={Mathematical Programming},
  volume={161},
  pages={307--345},
  year={2017},
  publisher={Springer}
}

@phdthesis{taylor2017convex,
  title={Convex interpolation and performance estimation of first-order methods for convex optimization.},
  author={Taylor, Adrien B},
  year={2017},
  school={Catholic University of Louvain, Louvain-la-Neuve, Belgium}
}

@article{kim2018generalizing,
  title={Generalizing the optimized gradient method for smooth convex minimization},
  author={Kim, Donghwan and Fessler, Jeffrey A},
  journal={SIAM Journal on Optimization},
  volume={28},
  number={2},
  pages={1920--1950},
  year={2018},
  publisher={SIAM}
}

@article{aps2019mosek,
  title={Mosek optimization toolbox for matlab},
  author={ApS, Mosek},
  journal={User’s Guide and Reference Manual, Version},
  volume={4},
  number={1},
  year={2019},
  publisher={MOSEK}
}

@article{bottou2007tradeoffs,
  title={The tradeoffs of large scale learning},
  author={Bottou, L{\'e}on and Bousquet, Olivier},
  journal={Advances in neural information processing systems},
  volume={20},
  year={2007}
}

@article{drori2020efficient,
  title={Efficient first-order methods for convex minimization: a constructive approach},
  author={Drori, Yoel and Taylor, Adrien B},
  journal={Mathematical Programming},
  volume={184},
  number={1},
  pages={183--220},
  year={2020},
  publisher={Springer}
}

@article{cauchy1847methode,
  title={M{\'e}thode g{\'e}n{\'e}rale pour la r{\'e}solution des systemes d’{\'e}quations simultan{\'e}es},
  author={Cauchy, Augustin and others},
  journal={Comp. Rend. Sci. Paris},
  volume={25},
  number={1847},
  pages={536--538},
  year={1847}
}

@article{nesterov1983method,
  title={A method of solving a convex programming problem with convergence rate O (1/k** 2)},
  author={Nesterov, Yurii},
  journal={Doklady Akademii Nauk SSSR},
  volume={269},
  number={3},
  pages={543},
  year={1983}
}

@article{polyak1963gradient,
  title={Gradient methods for the minimisation of functionals},
  author={Polyak, Boris T},
  journal={USSR Computational Mathematics and Mathematical Physics},
  volume={3},
  number={4},
  pages={864--878},
  year={1963},
  publisher={Elsevier}
}

@article{convex_opt_mipt,
  title={Выпуклая оптимизация},
  author={Hildebrand, Roland and Vorontsova, Eugenia and Gasnikov, Alexander and Stonyakin, Fyodor},
  year={2021}
}
